<record><leader>00000cas a22000007a 4500</leader><controlfield tag="001">30826391</controlfield><controlfield tag="008">940725d19001908vaucr ne      0    0eng d</controlfield><datafield ind1=" " ind2=" " tag="010"><subfield code="a">sn 94059342 </subfield></datafield><datafield ind1=" " ind2=" " tag="040"><subfield code="a">NVK</subfield><subfield code="b">eng</subfield><subfield code="c">NVK</subfield><subfield code="d">OCLCQ</subfield><subfield code="d">OCLCF</subfield><subfield code="d">OCLCO</subfield></datafield><datafield ind1="1" ind2=" " tag="029"><subfield code="a">AU@</subfield><subfield code="b">000011525551</subfield></datafield><datafield ind1=" " ind2=" " tag="042"><subfield code="a">msc</subfield></datafield><datafield ind1=" " ind2=" " tag="043"><subfield code="a">n-us-va</subfield></datafield><datafield ind1="0" ind2="4" tag="245"><subfield code="a">The Twice-a-week register and farrago.</subfield></datafield><datafield ind1="1" ind2="3" tag="246"><subfield code="a">Semi-weekly register and farrago</subfield></datafield><datafield ind1="1" ind2="3" tag="246"><subfield code="a">Danville register</subfield></datafield><datafield ind1=" " ind2=" " tag="260"><subfield code="a">Danville, Va. :</subfield><subfield code="b">Register Pub. Co.</subfield></datafield><datafield ind1=" " ind2=" " tag="300"><subfield code="a">v.</subfield></datafield><datafield ind1=" " ind2=" " tag="310"><subfield code="a">Semiweekly</subfield></datafield><datafield ind1="1" ind2=" " tag="362"><subfield code="a">Began in 1900; ceased in 1908.</subfield><subfield code="z">Cappon, L.J. Va. newspapers.</subfield></datafield><datafield ind1=" " ind2=" " tag="500"><subfield code="a">Editor: R.A. James.</subfield></datafield><datafield ind1=" " ind2=" " tag="500"><subfield code="a">Published as Twice-a-week register, &lt;Sept. 27, 1907&gt;.</subfield></datafield><datafield ind1=" " ind2=" " tag="530"><subfield code="a">Microfilm also available from Duke University Library Photoreproduction Services.</subfield></datafield><datafield ind1=" " ind2=" " tag="588"><subfield code="a">Description based on: Vol. 53, no. 27 (Oct. 26, 1900).</subfield></datafield><datafield ind1=" " ind2="0" tag="651"><subfield code="a">Danville (Va.)</subfield><subfield code="v">Newspapers.</subfield></datafield><datafield ind1=" " ind2="7" tag="655"><subfield code="a">Newspapers.</subfield><subfield code="2">fast</subfield><subfield code="0">(OCoLC)fst01423814</subfield></datafield><datafield ind1=" " ind2="7" tag="651"><subfield code="a">Virginia</subfield><subfield code="z">Danville.</subfield><subfield code="2">fast</subfield><subfield code="0">(OCoLC)fst01205159</subfield></datafield><datafield ind1=" " ind2=" " tag="752"><subfield code="a">United States</subfield><subfield code="b">Virginia</subfield><subfield code="d">Danville.</subfield></datafield><datafield ind1="0" ind2=" " tag="775"><subfield code="t">Danville register (Danville, Va. : 1896 : Daily)</subfield><subfield code="w">(DLC)sn 82001601</subfield></datafield><datafield ind1="0" ind2="0" tag="780"><subfield code="t">Fairbrother's farrago</subfield><subfield code="w">(DLC)sn2002061825</subfield></datafield></record>